<record><leader>00000cas a22000007a 4500</leader><controlfield tag="001">16664864</controlfield><controlfield tag="008">870910d19751980iauwr ne      0    0eng d</controlfield><datafield ind1=" " ind2=" " tag="010"><subfield code="a">sn 87058495 </subfield></datafield><datafield ind1=" " ind2=" " tag="040"><subfield code="a">INP</subfield><subfield code="b">eng</subfield><subfield code="c">INP</subfield><subfield code="d">OCLCQ</subfield></datafield><datafield ind1=" " ind2=" " tag="042"><subfield code="a">msc</subfield></datafield><datafield ind1="0" ind2="4" tag="245"><subfield code="a">The Northwest Iowa morning herald.</subfield></datafield><datafield ind1=" " ind2=" " tag="260"><subfield code="a">Spencer, Iowa :</subfield><subfield code="b">John W. Hall,</subfield><subfield code="c">1975-1980.</subfield></datafield><datafield ind1=" " ind2=" " tag="300"><subfield code="a">5 v.</subfield></datafield><datafield ind1=" " ind2=" " tag="310"><subfield code="a">Weekly</subfield></datafield><datafield ind1="0" ind2=" " tag="362"><subfield code="a">Vol. 1, no. 1 (Oct. 19, 1975)-v. 5, no. 39 (July 27, 1980).</subfield></datafield><datafield ind1=" " ind2=" " tag="752"><subfield code="a">United States</subfield><subfield code="b">Iowa</subfield><subfield code="c">Clay</subfield><subfield code="d">Spencer.</subfield></datafield></record>